ACM Journals
@STRING{ ACM_J_IST        = "{ACM} Transactions on Intelligent Systems and Technology"}
@STRING{ ACM_J_G          = "{ACM} Transactions on Graphics"}
@STRING{ ACM_J_CS         = "{ACM} Computing Surveys"}

Other Journals, Conferences, and Workshops
@STRING{ C_BIOSIG         = "International Conference of the Biometrics Special Interest Group"}
@STRING{ C_BTHI           = "Biometric Technology for Human Identification"}
@STRING{ C_CAIP           = "Computer Analysis of Images and Patterns"}
@STRING{ C_DSP            = "International Conference on Digital Signal Processing"}
@STRING{ C_ECCV           = "European Conference on Computer Vision"}
@STRING{ C_IASP           = "International Conference on Image Analysis and Signal Processing"}
@STRING{ C_ICANN          = "International Conference on Artificial Neural Networks and Machine Learning"}
@STRING{ C_ICARCV         = "International Conference on Control Automation Robotics and Vision"}
@STRING{ C_ICB            = "{IAPR} International Conference on Biometrics"}
@STRING{ C_ICIAP          = "International Conference on Image Analysis and Processing"}
@STRING{ C_ICMC           = "International Conference on Multiple Classifier Systems"}
@STRING{ C_ICMCS          = "International Conference on Multimedia Computing and Systems"}
@STRING{ C_ICML           = "International Conference on Machine Learning"}
@STRING{ C_ICMLC          = "International Conference on Machine Learning and Cybernetics"}
@STRING{ C_ICPAIR         = "International Conference on Pattern Analysis and Intelligent Robotics"}
@STRING{ C_ICPR           = "International Conference on Pattern Recognition"}
@STRING{ C_SIBGRAPI       = "Conference on Graphics, Patterns and Images"}
@STRING{ J_C              = "Journal of Chemometrics"}
@STRING{ J_CSDA           = "Computational Statistics \& Data Analysis"}
@STRING{ J_CVIU           = "Computer Vision and Image Understanding"}
@STRING{ J_IETB           = "{IET} Biometrics"}
@STRING{ J_IJCV           = "International Journal of Computer Vision"}
@STRING{ J_IVC            = "Image and Vision Computing"}
@STRING{ J_JIVP           = "{EURASIP} Journal on Image and Video Processing"}
@STRING{ J_VCI            = "Journal of Visual Communication and Image Representation"}
@STRING{ J_ML             = "Machine Learning"}
@STRING{ J_PM             = "Philosophical Magazine"}
@STRING{ J_PR             = "Pattern Recognition"}
@STRING{ J_PRL            = "Pattern Recognition Letters"}
@STRING{ J_TS             = "Telecommunication Systems"}
@STRING{ J_WIRECS         = "{WIREs} Computational Statistics"}
@STRING{ W_ACCV           = "{ACCV} International Workshops"}
@STRING{ W_BF             = "International Workshop on Biometrics and Forensics"}
@STRING{ J_OSA            = "Journal of the Optical Society of America"}
@STRING{ J_APS            = "Journal of Applied Polymer Science"}
@STRING{ J_AC             = "Analytical Chemistry"}
@STRING{ J_AO             = "Applied Optics"}
@STRING{ J_AS             = "Applied Spectroscopy"}
@STRING{ J_R_NIST         = "Journal of Research of the National Institute of Standards and Technology"}
@STRING{ C_IPTA           = "International Conference on Image Processing Theory, Tools and Applications"}
@STRING{ ACM_C_MM         = "Proceedings of the 20th ACM International Conference on Multimedia"}
@STRING{ C_FADS           = "International Conference on the Frontiers and Advances in Data Science"}
@STRING{ J_SPIC           = "Signal Processing: Image Communication"}
@STRING{ C_NIPS           = "Proceedings of the 25th International Conference on Neural Information Processing Systems"}

