ACM Journals
@STRING{ ACM_J_IST        = "{ACM} Trans. Intell. Syst. Technol."}
@STRING{ ACM_J_G          = "{ACM} Trans. Graph."}
@STRING{ ACM_J_CS         = "{ACM} Comput. Surv."}

Other Journals, Conferences, and Workshops
@STRING{ C_BIOSIG         = "Int. Conf. Biometrics Special Interest Group"}
@STRING{ C_BTHI           = "Biometric Technol. for Human Identification"}
@STRING{ C_CAIP           = "Comput. Anal. Images and Patterns"}
@STRING{ C_DSP            = "Int. Conf. Digital Signal Process."}
@STRING{ C_ECCV           = "European Conf. Comput. Vision"}
@STRING{ C_IASP           = "Int. Conf. Image Anal. and Signal Process."}
@STRING{ C_ICANN          = "Int. Conf. Artificial Neural Netw. and Mach. Learn."}
@STRING{ C_ICARCV         = "Int. Conf. Control Autom. Robot. and Vision"}
@STRING{ C_ICB            = "{IAPR} Int. Conf. Biometrics"}
@STRING{ C_ICIAP          = "Int. Conf. Image Anal. and Process."}
@STRING{ C_ICMC           = "Int. Conf. Multiple Classifier Syst."}
@STRING{ C_ICMCS          = "Int. Conf. Multimedia Comput. and Syst."}
@STRING{ C_ICML           = "Int. Conf. Mach. Learn."}
@STRING{ C_ICMLC          = "Int. Conf. Mach. Learn. and Cybernetics"}
@STRING{ C_ICPAIR         = "Int. Conf. Pattern Anal. and Intell. Robot."}
@STRING{ C_ICPR           = "Int. Conf. Pattern Recognit."}
@STRING{ C_SIBGRAPI       = "Conf. Graph., Patterns and Images"}
@STRING{ J_C              = "J. Chemom."}
@STRING{ J_CSDA           = "Comput. Stat. Data Anal."}
@STRING{ J_CVIU           = "Comput. Vis. Image Underst."}
@STRING{ J_IETB           = "{IET} Biometrics"}
@STRING{ J_IJCV           = "Int. J. Comput. Vision"}
@STRING{ J_IVC            = "Image Vis. Comput."}
@STRING{ J_JIVP           = "{EURASIP} J. Image and Video Process."}
@STRING{ J_VCI            = "J. Visual Commun. and Image Representation"}
@STRING{ J_ML             = "Mach. Learn."}
@STRING{ J_PM             = "Philos. Mag."}
@STRING{ J_PR             = "Pattern Recognit."}
@STRING{ J_PRL            = "Pattern Recognit. Lett."}
@STRING{ J_TS             = "Telecommun. Syst."}
@STRING{ J_WIRECS         = "{WIREs} Comput. Stat."}
@STRING{ W_ACCV           = "{ACCV} Int. Workshops"}
@STRING{ W_BF             = "Int. Workshop Biometrics and Forensics"}
@STRING{ J_OSA            = "J. Opt. Soc. Am."}
@STRING{ J_APS            = "J. Appl. Polym. Sci."}
@STRING{ J_AC             = "Anal. Chem."}
@STRING{ J_AO             = "Appl. Opt"}
@STRING{ J_AS             = "Appl. Spectrosc."}
@STRING{ J_R_NIST         = "J. Res. Natl. Inst. Stand. Technol."}
@STRING{ C_IPTA           = "Int. Conf. on Image Process. Theory, Tools and Appl"}
@STRING{ ACM_C_MM         = "Proc. of the 20th ACM Int. Conf. Multimedia"}
@STRING{ C_FADS           = "Int. Conf. Frontiers and Advances in Data Sci."}
@STRING{ J_SPIC           = "Signal Process.: Image Commun."}
@STRING{ C_NIPS           = "Proceedings of the 25th Int. Conf. Neural Inf. Process. Syst."}
